<?xml version="1.0" encoding="UTF-8"?><collection xmlns="http://www.loc.gov/MARC21/slim"><record><leader>00597nam--2200217-i-4500</leader><controlfield tag="001">000024092</controlfield><controlfield tag="002">20161230</controlfield><controlfield tag="005">20161230201035</controlfield><controlfield tag="008">060222s1000------------r-----000-0-eng-d</controlfield><datafield ind1=" " ind2=" " tag="020"><subfield code="a">030631116X (Part B)</subfield></datafield><datafield ind1=" " ind2=" " tag="040"><subfield code="a">IFIN-HH</subfield></datafield><datafield ind1=" " ind2=" " tag="080"><subfield code="a">535.33:539.18</subfield></datafield><datafield ind1="1" ind2=" " tag="100"><subfield code="a">Hanle, W</subfield></datafield><datafield ind1="1" ind2="0" tag="245"><subfield code="a">Progress in atomic spectroscopy</subfield><subfield code="c">W. HANLE; H. KLEINPOPPEN (Eds.)</subfield></datafield><datafield ind1=" " ind2=" " tag="260"><subfield code="a">LONDON</subfield><subfield code="b">Plenum Press</subfield></datafield><datafield ind1=" " ind2=" " tag="300"><subfield code="a">TWO PARTS</subfield></datafield><datafield ind1="0" ind2=" " tag="650"><subfield code="a">Atomic Spectra</subfield></datafield><datafield ind1="1" ind2=" " tag="700"><subfield code="a">Kleinpoppen, H</subfield><subfield code="e">Ed</subfield></datafield><datafield ind1=" " ind2="0" tag="787"><subfield code="a">Part B</subfield><subfield code="h">Xxiii + /712p./ 1500p. + Xxxiv</subfield></datafield><datafield ind1=" " ind2=" " tag="852"><subfield code="a">49346</subfield><subfield code="c">535.33</subfield></datafield><datafield ind1=" " ind2=" " tag="CAT"><subfield code="a">Sys</subfield><subfield code="c">20101216</subfield><subfield code="h">143611</subfield></datafield></record></collection>